@article{2014The,
  title  = {The RISC-V Instruction Set Manual. Volume 1: User-Level ISA, Version 2.0},
  author = { Waterman, A  and  Lee, Y  and  Patterson, Da  and  Asanovi, K },
  year   = {2014}
}
@article{osti_1560132,
  title  = {RISC-V has officially become openEuler's official support architecture},
  url    = {https://forum.openeuler.org/t/topic/3110},
}
@article{osti_1560133,
  title  = {OpenCloudOS adds support for RISC-V},
  url    = {https://baijiahao.baidu.com/s?id=1742039074702920281&wfr=spider&for=pc},
}
@inproceedings{2019Notary,
  title     = {Notary: a device for secure transaction approval},
  author    = { Athalye, Anish  and  Belay, Adam  and  Kaashoek, M. Frans  and  Morris, Robert  and  Zeldovich, Nickolai },
  booktitle = {Symposium on Operating Systems Principles},
  year      = {2019}
}
@article{2023du,
  title  = {Design and implementation of a RISC-V porting task planning system based on RPM source package dependency},
  author = { Du Jiman },
  url    = {https://gitee.com/randomwebsite/risc-v-porting-task-planning-system},
  year   = {2023}
}
@inproceedings{2005Exploring,
  title     = {Exploring the relationship between cumulative change and complexity in an open source system evolution},
  author    = { Capiluppi, Andrea  and  Faria, Alvaro  and  Ramil, J. F },
  booktitle = {IEEE},
  year      = {2005}
}
@article{1991Cyclomatic,
  title   = {Cyclomatic complexity density and software maintenance productivity},
  author  = { Gill, G. K  and  Kemerer, C. F },
  journal = {Software Engineering IEEE Transactions on},
  volume  = {17},
  number  = {12},
  pages   = {1284-1288},
  year    = {1991}
}
@article{Sholiq_2021,
doi = {10.1088/1755-1315/704/1/012039},
url = {https://dx.doi.org/10.1088/1755-1315/704/1/012039},
year = {2021},
month = {mar},
publisher = {IOP Publishing},
volume = {704},
number = {1},
pages = {012039},
author = {Sholiq and R A Auda and A P Subriadi and A Tjahyanto and A D Wulandari},
title = {Measuring software quality with usability, efficiency, and portability characteristics},
journal = {IOP Conference Series: Earth and Environmental Science},
}

@article{2016helei,
  title={Code Complexity Based Software Evolution Evaluation and Analysis},
  author={He Lei},
  school={Southeast University},
  year={2016},
}
@article{TAHIR2016101,
title = {A systematic literature review on software measurement programs},
journal = {Information and Software Technology},
volume = {73},
pages = {101-121},
year = {2016},
issn = {0950-5849},
doi = {https://doi.org/10.1016/j.infsof.2016.01.014},
url = {https://www.sciencedirect.com/science/article/pii/S0950584916300131},
author = {Touseef Tahir and Ghulam Rasool and Cigdem Gencel},
keywords = {Software measurement, Software measurement program, Software metrics, GQM, Systematic Literature Review},
}
@article{stage2023,
  title  = {openEuler:riscv64:BaseOS:stage2},
  url    = {https://build.openeuler.openatom.cn/project/show/openEuler:C},
  year    = {2023}
}
@article{liangguanyu2020,
  title   = {Open Source Software Supply Chain for Reliability Assurance of Operating Systems},
  author  = {Liang GY, Wu YJ, Wu JZ and Zhao C},
  journal = {Journal of Software},
  volume  = {31},
  number  = {10},
  pages   = {18},
  year    = {2020}
}
@article{githuburl,
  title  = {porting complexity experimental evaluation},
  url    = {https://github.com/wangyuliu/RAX-2024},
  year    = {2023}
}
@article{githubss,
  title  = {porting complexity evaluation details},
  url    = {https://github.com/wangyuliu/RAX-2024/Data},
  year    = {2023}
}
@article{1702388,
  author  = {McCabe, T.J.},
  journal = {IEEE Transactions on Software Engineering},
  title   = {A Complexity Measure},
  year    = {1976},
  volume  = {SE-2},
  number  = {4},
  pages   = {308-320},
  doi     = {10.1109/TSE.1976.233837}
}
@inproceedings{9402593,
  author    = {Bessler, Gabriel and Cordova, Josh and Cullen-Baratloo, Shaheen and Dissem, Sofiane and Lu, Emily and Devin, Sofia and Abughararh, Ibrahim and Bang, Lucas},
  booktitle = {2021 IEEE/ACM 43rd International Conference on Software Engineering: Companion Proceedings (ICSE-Companion)},
  title     = {Metrinome: Path Complexity Predicts Symbolic Execution Path Explosion},
  year      = {2021},
  volume    = {},
  number    = {},
  pages     = {29-32},
  doi       = {10.1109/ICSE-Companion52605.2021.00028}
}
@phdthesis{liuhuihui00,
  title  = {Techniques of Evaluating Software Evolution Based on Code Change Detection},
  author = {LIU Huihui},
  school = {Southeast University}
}
@article{x86intrin,
  title  = {x86 Intrinsic},
  url    = {https://www.intel.com/content/www/us/en/docs/intrinsics-guide/index.html},
  year    = {2023}
}
@article{5128907,
  author  = {He, Haibo and Garcia, Edwardo A.},
  journal = {IEEE Transactions on Knowledge and Data Engineering},
  title   = {Learning from Imbalanced Data},
  year    = {2009},
  volume  = {21},
  number  = {9},
  pages   = {1263-1284},
  doi     = {10.1109/TKDE.2008.239}
}
@article{6509481,
  author  = {Wang, Shuo and Yao, Xin},
  journal = {IEEE Transactions on Reliability},
  title   = {Using Class Imbalance Learning for Software Defect Prediction},
  year    = {2013},
  volume  = {62},
  number  = {2},
  pages   = {434-443},
  doi     = {10.1109/TR.2013.2259203}
}
@inproceedings{4271036,
  author    = {Pelayo, Lourdes and Dick, Scott},
  booktitle = {NAFIPS 2007 - 2007 Annual Meeting of the North American Fuzzy Information Processing Society},
  title     = {Applying Novel Resampling Strategies To Software Defect Prediction},
  year      = {2007},
  pages     = {69-72},
  doi       = {10.1109/NAFIPS.2007.383813}
}
@article{osti_1830102,
  title  = {Bringing OpenCL to Commodity RISC-V CPUs},
  author = {Tine, Blaise and Lee, Seyong and Vetter, Jeffrey S. and Kim, Hyesoon},
  doi    = {},
  url    = {https://www.osti.gov/biblio/1830102},
  place  = {United States},
  year   = {2021},
  month  = {6}
}
@inproceedings{2017Slow,
  title     = {Slow and steady wins the race? A comparison of ultra-low-power RISC-V cores for Internet-of-Things applications},
  author    = { Schiavone, Pasquale Davide  and  Conti, Francesco  and  Rossi, Davide  and  Gautschi, Michael  and  Benini, Luca },
  booktitle = {2017 27th International Symposium on Power and Timing Modeling, Optimization and Simulation (PATMOS)},
  year      = {2017}
}
@article{1993Software,
  title   = {Software Complexity and Maintenance Costs},
  author  = { Banker, Rajiv D.  and  Datar, Srikant M.  and  Kemerer, Chris F.  and  Zweig, Dani },
  journal = {Communications of the ACM},
  volume  = {36},
  number  = {11},
  pages   = {81-94},
  year    = {1993}
}
@inproceedings{7844689,
  author    = {Barbosa, Marcos Alvares and de Lima Neto, Fernando Buarque and Marwala, Tshilidzi},
  booktitle = {2016 IEEE International Conference on Systems, Man, and Cybernetics (SMC)},
  title     = {Tolerance to complexity: Measuring capacity of development teams to handle source code complexity},
  year      = {2016},
  pages     = {002954-002959},
  doi       = {10.1109/SMC.2016.7844689}
}
@article{2017Evaluating,
  title   = {Evaluating code complexity triggers, use of complexity measures and the influence of code complexity on maintenance time},
  author  = { Antinyan, Vard  and  Staron, Miroslaw  and  Sandberg, Anna },
  journal = {Empirical Software Engineering},
  year    = {2017}
}